<record><leader>00000cas a22000007a 4500</leader><controlfield tag="001">20005994</controlfield><controlfield tag="008">890713c19369999nduwr ne      0    0eng d</controlfield><datafield ind1=" " ind2=" " tag="010"><subfield code="a">sn 88076353 </subfield></datafield><datafield ind1=" " ind2=" " tag="040"><subfield code="a">NOP</subfield><subfield code="b">eng</subfield><subfield code="c">NOP</subfield><subfield code="d">OCLCQ</subfield></datafield><datafield ind1=" " ind2=" " tag="042"><subfield code="a">msc</subfield></datafield><datafield ind1="0" ind2="4" tag="245"><subfield code="a">The McLean County journal and Turtle Lake wave.</subfield></datafield><datafield ind1=" " ind2=" " tag="260"><subfield code="a">Turtle Lake, McLean County, N.D. :</subfield><subfield code="b">Gustav T. Anderson</subfield></datafield><datafield ind1=" " ind2=" " tag="300"><subfield code="a">v. :</subfield><subfield code="b">ill.</subfield></datafield><datafield ind1=" " ind2=" " tag="310"><subfield code="a">Weekly</subfield></datafield><datafield ind1="0" ind2=" " tag="362"><subfield code="a">Vol. 11, no. 48 (Oct. 22, 1936)-</subfield></datafield><datafield ind1=" " ind2=" " tag="530"><subfield code="a">Available on microfilm from the State Historical Society of North Dakota.</subfield></datafield><datafield ind1=" " ind2=" " tag="752"><subfield code="a">United States</subfield><subfield code="b">North Dakota</subfield><subfield code="c">McLean</subfield><subfield code="d">Turtle Lake.</subfield></datafield><datafield ind1="0" ind2="4" tag="780"><subfield code="t">Turtle Lake wave</subfield><subfield code="w">(DLC)sn 88076351</subfield></datafield><datafield ind1="0" ind2="4" tag="780"><subfield code="t">McLean County journal</subfield><subfield code="w">(DLC)sn 88076352</subfield></datafield></record>